<?xml version="1.0" encoding="UTF-8"?><collection xmlns="http://www.loc.gov/MARC21/slim"><record><leader>00569nam--2200193-i-4500</leader><controlfield tag="001">000018609</controlfield><controlfield tag="002">20161230</controlfield><controlfield tag="005">20161230201032</controlfield><controlfield tag="008">060222s1000------------r-----000-0-fre-d</controlfield><datafield ind1=" " ind2=" " tag="040"><subfield code="a">IFIN-HH</subfield></datafield><datafield ind1=" " ind2=" " tag="041"><subfield code="a">fre</subfield></datafield><datafield ind1=" " ind2=" " tag="080"><subfield code="a">539.2</subfield></datafield><datafield ind1="1" ind2=" " tag="100"><subfield code="a">Fournet, Gerard</subfield></datafield><datafield ind1="1" ind2="0" tag="245"><subfield code="a">Physique electronique des solides a l usage des ingenieurs</subfield><subfield code="b">Preface de m. andre guinier</subfield><subfield code="c">Gerard fournet</subfield></datafield><datafield ind1=" " ind2=" " tag="260"><subfield code="a">Paris</subfield><subfield code="b">Editions Eyrolles</subfield><subfield code="c">1962</subfield></datafield><datafield ind1=" " ind2=" " tag="300"><subfield code="a">332 P</subfield></datafield><datafield ind1=" " ind2=" " tag="490"><subfield code="a">Ecole Nationale Superieure Des Telecommunications</subfield></datafield><datafield ind1=" " ind2=" " tag="852"><subfield code="a">19084</subfield><subfield code="c">539.2</subfield></datafield><datafield ind1=" " ind2=" " tag="CAT"><subfield code="a">Sys</subfield><subfield code="c">20110927</subfield><subfield code="h">155456</subfield></datafield></record></collection>